<record><leader>00000cas a2200000 a 4500</leader><controlfield tag="001">11921684</controlfield><controlfield tag="008">850415d187519uuncuwr ne      0   a0eng  </controlfield><datafield ind1=" " ind2=" " tag="010"><subfield code="a">sn 85042205 </subfield></datafield><datafield ind1=" " ind2=" " tag="040"><subfield code="a">DLC</subfield><subfield code="b">eng</subfield><subfield code="c">DLC</subfield><subfield code="d">NPX</subfield><subfield code="d">NVJ</subfield><subfield code="d">CNW</subfield><subfield code="d">FUG</subfield><subfield code="d">NVJ</subfield><subfield code="d">OCLCO</subfield><subfield code="d">DLC</subfield><subfield code="d">OCLCF</subfield><subfield code="d">NOC</subfield><subfield code="d">DLC</subfield></datafield><datafield ind1="0" ind2=" " tag="022"><subfield code="a">2373-3438</subfield><subfield code="2">1</subfield></datafield><datafield ind1=" " ind2=" " tag="042"><subfield code="a">msc</subfield><subfield code="a">nsdp</subfield></datafield><datafield ind1=" " ind2=" " tag="043"><subfield code="a">n-us-nc</subfield></datafield><datafield ind1="0" ind2="0" tag="050"><subfield code="a">Newspaper</subfield></datafield><datafield ind1="0" ind2="0" tag="082"><subfield code="a">071</subfield><subfield code="2">23</subfield></datafield><datafield ind1="0" ind2=" " tag="130"><subfield code="a">Tarborough southerner (Tarboro, N.C. : 1875)</subfield></datafield><datafield ind1=" " ind2="4" tag="222"><subfield code="a">The Tarborough southerner</subfield><subfield code="b">(Tarboro, N.C. 1875. Print)</subfield></datafield><datafield ind1="1" ind2="4" tag="245"><subfield code="a">The Tarborough southerner.</subfield></datafield><datafield ind1="1" ind2="3" tag="246"><subfield code="a">Tarboro' southerner</subfield></datafield><datafield ind1=" " ind2=" " tag="260"><subfield code="a">Tarboro', N.C. :</subfield><subfield code="b">Charles &amp; Williamson,</subfield><subfield code="c">1875-</subfield></datafield><datafield ind1=" " ind2=" " tag="300"><subfield code="a">v.</subfield></datafield><datafield ind1=" " ind2=" " tag="310"><subfield code="a">Weekly</subfield></datafield><datafield ind1=" " ind2=" " tag="336"><subfield code="a">text</subfield><subfield code="b">txt</subfield><subfield code="2">rdacontent</subfield></datafield><datafield ind1=" " ind2=" " tag="337"><subfield code="a">unmediated</subfield><subfield code="b">n</subfield><subfield code="2">rdamedia</subfield></datafield><datafield ind1=" " ind2=" " tag="338"><subfield code="a">volume</subfield><subfield code="b">nc</subfield><subfield code="2">rdacarrier</subfield></datafield><datafield ind1="0" ind2=" " tag="362"><subfield code="a">New ser. vol. 2, no. 4 (Jan. 29, 1875)-   = old ser. v. 52.</subfield></datafield><datafield ind1="1" ind2=" " tag="362"><subfield code="a">Ceased.</subfield></datafield><datafield ind1=" " ind2=" " tag="500"><subfield code="a">Democratic.</subfield></datafield><datafield ind1=" " ind2=" " tag="515"><subfield code="a">Old ser. vol. 51 is incorrectly called vol. 52.</subfield></datafield><datafield ind1=" " ind2=" " tag="530"><subfield code="a">Available on microfilm from North Carolina Department of Archives and History, Raleigh.</subfield></datafield><datafield ind1=" " ind2=" " tag="530"><subfield code="a">Archived issues are available in digital format from the Library of Congress Chronicling America online collection.</subfield></datafield><datafield ind1=" " ind2=" " tag="580"><subfield code="a">Daily ed.: Daily southerner (Tarboro, N.C. : 1889), 1889-&lt;1910&gt;.</subfield></datafield><datafield ind1=" " ind2="0" tag="651"><subfield code="a">Tarboro (N.C.)</subfield><subfield code="v">Newspapers.</subfield></datafield><datafield ind1=" " ind2="0" tag="651"><subfield code="a">Edgecombe County (N.C.)</subfield><subfield code="v">Newspapers.</subfield></datafield><datafield ind1=" " ind2="7" tag="651"><subfield code="a">North Carolina</subfield><subfield code="z">Edgecombe County.</subfield><subfield code="2">fast</subfield><subfield code="0">(OCoLC)fst01206610</subfield></datafield><datafield ind1=" " ind2="7" tag="651"><subfield code="a">North Carolina</subfield><subfield code="z">Tarboro.</subfield><subfield code="2">fast</subfield><subfield code="0">(OCoLC)fst01215113</subfield></datafield><datafield ind1=" " ind2="7" tag="655"><subfield code="a">Newspapers.</subfield><subfield code="2">fast</subfield><subfield code="0">(OCoLC)fst01423814</subfield></datafield><datafield ind1=" " ind2=" " tag="752"><subfield code="a">United States</subfield><subfield code="b">North Carolina</subfield><subfield code="c">Edgecombe</subfield><subfield code="d">Tarboro.</subfield></datafield><datafield ind1="1" ind2=" " tag="775"><subfield code="t">Daily southerner (Tarboro, N.C. : 1889)</subfield><subfield code="w">(DLC)sn 98058940</subfield><subfield code="w">(OCoLC)42613667</subfield></datafield><datafield ind1="0" ind2="8" tag="776"><subfield code="i">Online version:</subfield><subfield code="t">The Tarborough southerner (Tarboro, N.C. : 1875 : Online)</subfield><subfield code="x">2373-3446</subfield><subfield code="w">(DLC)  2014218384</subfield><subfield code="w">(OCoLC)880926314</subfield></datafield><datafield ind1="0" ind2="0" tag="780"><subfield code="t">Enquirer southerner</subfield><subfield code="w">(DLC)sn 92073987</subfield><subfield code="w">(OCoLC)25558952</subfield></datafield><datafield ind1="0" ind2="0" tag="785"><subfield code="t">Weekly southerner</subfield><subfield code="w">(DLC)sn 98058939</subfield><subfield code="w">(OCoLC)42613536</subfield></datafield><datafield ind1="4" ind2="1" tag="856"><subfield code="u">http://www.loc.gov/chroniclingamerica/lccn/sn85042205/issues</subfield></datafield><datafield ind1="1" ind2=" " tag="029"><subfield code="a">AU@</subfield><subfield code="b">000025818305</subfield></datafield></record>